@misc{30ChessAlgs,
    author= {tom7},
    year= {2021},
    title = {30 Weird Chess Algorithms: Elo World},
    url= {https://www.youtube.com/watch?v=DpXy041BIlA&t=12s},
    month = {July},
    lastaccessed = {2024 February 21}
}
@online{hbokmannPacman,
    author ={hbokmann},
    year = {2021},
    title ={Pacman in Python with Pygame},
    url ={https://github.com/hbokmann/Pacman},
    month ={October},
    lastaccessed ={2024 February 21}
}
@online{JanPacman,
    author ={Jan Jileček},
    year = {2022},
    title ={Creating Pac-Man clone in Python in 300 lines of code or less— Part 1},
    url ={https://github.com/janjilecek/pacman_python_pygame},
    month ={December},
    lastaccessed ={2024 February 21}
}
@online{JustToThePointPacman,
    author ={JustToThePoint},
    year = {2022},
    title ={Programming a Pac-Man in Python Introduction},
    url ={https://justtothepoint.com/code/pacman/},
    month ={May},
    lastaccessed ={2024 February 21}
}
@online{BerkeleyPacman,
    author ={Pieter Abbeel and John DeNero and Dan Klein},
    year = {2014},
    title ={The Pac-Man Projects},
    url ={http://ai.berkeley.edu/project_overview.htmlhttp://ai.berkeley.edu/project_overview.html},
    month ={September},
    lastaccessed ={2024 February 21}
}
@online{LiuPacman,
    author ={Davide Liu},
    year = {2020},
    title ={Playing Pacman with Multi-Agents Adversarial Search},
    url ={https://techs0uls.wordpress.com/2020/02/13/playing-pacman-with-multi-agents-adversarial-search/},
    month ={February},
    lastaccessed ={2024 February 21}
}
@online{WikiMaze,
    year = {2023},
    title ={Maze-solving algorithm},
    url ={https://en.wikipedia.org/wiki/Maze-solving_algorithm},
    month ={December},
    lastaccessed ={2024 February 21}
}
@online{WikiBFS,
    year = {2024},
    title ={Breadth-first search},
    url ={https://en.wikipedia.org/wiki/Breadth-first_search},
    month ={January},
    lastaccessed ={2024 February 21}
}
@online{WikiAStar,
    year = {2024},
    title ={A$^*$ search algorithm},
    url ={https://en.wikipedia.org/wiki/A*_search_algorithm},
    month ={February},
    lastaccessed ={2024 February 21}
}
@misc{jostbrpymaze,
    author= {jostbr},
    year= {2021},
    title = {Maze generator and solver},
    url= {https://github.com/jostbr/pymaze},
    month = {April},
    lastaccessed = {2024 February 21}
}
@misc{maurockML,
    author= {maurock},
    year= {2021},
    title = {Deep Reinforcement Learning},
    url= {https://github.com/maurock/snake-ga},
    month = {January},
    lastaccessed = {2024 February 21}
}
@online{WikiDFS,
    year = {2024},
    title ={Depth-first search},
    url ={https://en.wikipedia.org/wiki/Depth-first_search},
    month ={January},
    lastaccessed ={2024 February 21}
}